2101 2847
265 181 375 220 xxxiv
860 175 892 214 P
923 175 957 214 R
988 173 1037 215 AE
1067 173 1099 212 F
1130 172 1164 212 A
1195 171 1229 210 T
1260 170 1276 210 I
1308 170 1359 210 O.

267 262 511 318 applicatum
543 259 798 299 latitudinem
830 258 924 298 facit
952 265 1195 311 apotomen,
1226 254 1340 307 cujus
1369 253 1534 291 nomina
1565 249 1943 291 commensurabilia

267 342 362 372 sunt
390 328 623 370 nominibus
651 338 767 368 reetae
800 342 845 366 ex
872 325 978 365 binis
1004 323 1261 372 nominibus⁷
1294 332 1332 360 et
1358 320 1490 361 adhuc
1515 321 1556 360 111
1590 320 1730 361 eadem
1760 320 1940 369 ratione3

271 411 310 441 et
335 399 467 440 adhue
492 408 681 454 apotome
706 410 797 451 quae
826 394 873 434 fit
899 393 1088 435 eumdem
1113 391 1234 433 habet
1262 389 1447 430 ordinem
1476 405 1599 445 quem
1631 399 1737 430 reeta
1765 404 1809 429 ex
1834 387 1939 429 binis

266 468 517 510 nominibus.

327 551 449 592 PitoP.
472 547 630 590 CXIV.
658 545 915 599 Quadratum
941 559 986 584 ex
1016 543 1197 583 rationali
1225 544 1276 583 ad
1305 552 1522 599 apotomen
1543 541 1788 597 applicatum
1810 539 1943 579 latitu-

271 621 408 661 dinem
437 618 531 659 facit
556 627 705 657 rectam
731 630 776 654 ex
801 614 904 653 binis
934 611 1195 664 nominibus,
1225 614 1340 667 cujus
1373 611 1537 650 nomina
1566 607 1943 650 commensurabilia

271 700 365 730 sunt
385 700 587 745 apotomae
611 683 864 730 nominibus,
889 693 929 722 et
956 683 998 721 in
1021 682 1160 721 eadem
1188 682 1369 731 ratione3
1397 679 1530 720 adhue
1552 690 1686 719 autem
1710 693 1800 734 quae
1830 677 1876 717 fit
1899 691 1943 718 ex

272 759 376 799 binis
399 755 631 798 nominibus
654 751 844 793 eumdem
867 750 1057 790 ordinem
1079 748 1201 789 habet
1220 764 1344 804 quem
1364 759 1569 804 apotome.

330 840 450 879 Pnop.
472 835 605 878 CXV.
639 835 680 876 Si
701 834 872 890 spatium
898 833 1153 873 contineatur
1181 831 1257 871 sub
1278 842 1468 887 apotome
1491 841 1530 870 et
1551 835 1657 870 recta
1679 845 1723 870 ex
1748 829 1852 869 binis
1870 845 1944 870 no-

274 908 478 958 minibus,
516 907 629 960 eujus
661 903 826 944 nomina
853 900 1229 942 commensurabilia
1258 911 1353 940 sunt
1382 910 1584 955 apotomae
1614 898 1874 949 nominibus,
1906 909 1944 937 et

273 980 315 1019 111
350 975 490 1017 eadem
515 975 694 1025 ratione3
730 983 833 1012 recta
865 972 1038 1026 spatium
1060 980 1202 1024 potens
1228 968 1431 1009 rationalis
1461 978 1530 1007 est.

330 1058 452 1098 Prior.
475 1053 632 1096 CXVI.
674 1054 710 1094 A
735 1052 867 1093 media
905 1051 1075 1091 infinitae
1106 1050 1316 1090 rationales
1347 1049 1569 1104 gignuntur
1589 1079 1599 1099 ,
1633 1059 1673 1088 et
1700 1049 1807 1088 nulla
1844 1048 1945 1087 nulli

274 1124 589 1183 praecedentium
615 1121 768 1162 eadem.

332 1208 454 1249 Pssop.
477 1201 660 1245 CXVII.
693 1202 953 1257 proponatur
976 1200 1091 1241 nobis
1114 1199 1325 1242 ostendere
1346 1200 1387 1238 in
1406 1198 1612 1254 quadratis
1635 1199 1773 1253 figuris
1796 1199 1948 1239 incom-

279 1273 591 1318 mensurabilem
616 1287 698 1313 esse
718 1271 962 1312 diametrum
985 1270 1099 1310 lateri
1120 1267 1386 1323 longitudine.

333 1413 409 1455 Hae
428 1422 525 1454 sunt
543 1410 797 1452 definitiones
816 1419 855 1448 et
879 1408 1175 1463 propositiones
1195 1408 1287 1448 libri
1309 1408 1473 1459 decimi⁷
1493 1421 1585 1462 quae
1606 1421 1745 1447 omnes
1765 1407 1948 1463 proposi-

278 1487 407 1525 tiones
437 1482 665 1539 perspicue,
688 1477 1003 1533 simpliciterque
1029 1476 1372 1516 demonstrantur.

337 1579 426 1618 Hoc
459 1576 651 1616 volumen
681 1572 902 1628 permultas
934 1571 1123 1610 lectiones
1154 1571 1280 1610 varias
1316 1570 1508 1610 cominet.
1548 1568 1696 1622 Ingens
1727 1568 1948 1609 multitudo

281 1664 416 1689 rerum
440 1656 823 1702 supervacanearum
851 1640 893 1679 111
914 1649 1070 1679 textum
1095 1638 1188 1678 libri
1211 1637 1356 1679 decimi
1380 1636 1622 1677 introductae
1646 1637 1833 1688 fuerant3
1858 1651 1949 1691 quae

282 1731 421 1759 omnes
451 1730 471 1754 e
500 1723 609 1753 textu
641 1713 777 1766 ejectae
805 1718 911 1748 sunt.

340 1797 468 1838 Aliter
492 1793 788 1841 demonstrata,
814 1788 1042 1839 corollaria⁷
1069 1789 1253 1828 lemmata
1281 1798 1320 1827 et
1348 1786 1497 1827 scholia
1519 1786 1668 1842 quibus
1696 1786 1847 1826 librum
1878 1785 1949 1826 de-

284 1868 435 1907 cimum
460 1860 673 1919 expurgavi
696 1859 955 1914 reperiuntur
979 1872 1071 1898 cum
1097 1856 1349 1898 versionibus
1371 1857 1502 1896 latinis
1527 1867 1566 1896 et
1583 1855 1728 1910 gallicis
1749 1856 1791 1896 in
1812 1856 1949 1896 lectio·

283 1934 402 1977 nibus
430 1929 690 1972 variantibus.

341 2016 444 2068 Quae
473 2028 493 2054 e
522 2022 632 2053 textu
658 2010 749 2052 libri
774 2009 918 2050 decimi
948 2011 1071 2064 ejecta
1097 2020 1210 2061 sunt,
1235 2010 1297 2050 illa
1322 2008 1481 2050 Euclidi
1507 2007 1773 2062 abjudicanda
1793 2023 1950 2064 semper

287 2086 454 2126 suerunt
476 2082 577 2132 visa3
607 2090 645 2120 et
674 2093 766 2134 quae
795 2079 915 2134 ejeci,
939 2094 980 2118 ca
1007 2089 1048 2118 et
1078 2094 1122 2118 ex
1149 2078 1338 2119 omnibus
1363 2078 1527 2133 optimis
1552 2075 1757 2117 codicibus
1785 2075 1952 2116 fuerunt

287 2156 421 2210 ejecta.
449 2151 490 2191 Si
516 2148 683 2205 quando
707 2148 860 2199 erravi,
883 2147 961 2187 hoc
980 2147 1054 2187 erit
1074 2148 1185 2203 parvi
1207 2147 1429 2197 momenti3
1460 2145 1562 2185 adde
1582 2144 1695 2200 quod
1715 2159 1806 2198 quae
1829 2144 1950 2197 ejecta

288 2234 383 2263 sunt
411 2237 430 2261 e
466 2231 577 2260 textu
601 2220 642 2259 in
668 2218 908 2260 lectionibus
931 2217 1176 2257 variantibus
1203 2216 1474 2271 reperiuntur.
1501 2214 1705 2257 Coeternm
1740 2213 1840 2253 mihi
1867 2223 1943 2253 erat

290 2307 433 2334 norma
464 2305 622 2345 semper
658 2290 739 2329 fere
778 2295 883 2329 certa
910 2285 1141 2329 secernendi
1172 2299 1264 2340 quoe
1290 2294 1384 2325 sunt
1410 2282 1588 2324 Euclidis
1616 2297 1661 2323 cx
1683 2281 1758 2322 illis
1783 2295 1874 2337 quae
1901 2279 1934 2321 a]

286 2359 456 2402 Euclide
486 2368 581 2399 sunt
608 2358 745 2398 aliena.
