2101 2847
277 160 384 213 ‚xxxvj
871 154 1365 196 PRAEFATIO.

336 242 505 296 Antiqui
527 251 760 294 geometrae,
776 239 964 279 Euclides
979 239 1144 288 scilieet,
1160 237 1420 277 Archimedes
1437 249 1476 278 et
1491 237 1747 294 Apollonius,
1764 233 1945 276 solebant

280 311 330 351 ad
351 311 606 367 propositum
623 309 771 348 directe
790 308 971 358 tendere,
992 321 1203 360 nunquam
1222 307 1272 345 de
1294 307 1356 346 via
1379 306 1620 347 declinantes
1640 301 1945 346 demonstrandi

282 387 395 422 causa
430 395 522 435 quae
556 379 606 420 ad
642 376 986 434 progrediendum
1023 390 1279 430 nequaquam
1311 376 1405 430 ipsis
1437 386 1547 416 erant
1577 373 1805 415 neccssaria.
1844 371 1946 422 Quae

283 467 375 491 eum
400 451 451 489 ita
477 450 576 499 sint⁷
604 448 686 487 sere
710 445 956 502 impossibile
977 456 1033 484 est
1057 445 1169 483 illum
1198 445 1239 483 in
1264 459 1440 484 errorem
1468 446 1544 486 labi
1569 446 1639 499 qui
1664 450 1947 499 sargumentum

283 519 422 560 callide
452 519 586 557 animo
614 515 908 570 complectitur.
939 512 1102 553 Accedit
1133 512 1233 552 illud
1267 512 1379 567 quod
1412 514 1452 551 in
1489 513 1677 552 omnihus
1710 510 1844 566 ejectis
1874 522 1947 547 nee

283 587 462 628 Euclidis
482 585 765 626 concinitatem
784 596 995 635 agnoscere
1017 592 1093 633 est,
1118 596 1190 621 nec
1211 581 1333 621 verba
1359 582 1431 636 ipsi
1459 581 1675 621 familiaria.

340 723 449 762 Inter
469 722 590 775 ejecta
615 733 658 756 ex
683 716 839 755 decimo
856 714 961 754 libro
982 714 1160 753 invenire
1180 723 1238 752 est
1259 713 1371 751 aliter
1395 711 1667 751 demonstrata
1687 725 1776 765 quse
1798 710 1946 750 nullius

285 804 377 833 sunt
397 787 606 830 momenti.
628 785 735 825 Vide
755 784 883 823 aliter
902 782 1188 839 propositionis
1216 797 1231 820 1
1249 812 1259 833 ,
1285 791 1324 821 et
1347 780 1542 820 scholium
1566 779 1852 835 propositionis
1874 794 1947 829 22,

284 860 397 917 quod
418 872 575 900 merum
599 866 656 894 est
677 855 813 894 aliter.

318 944 319 947 ’
342 940 529 982 Invenire
553 948 611 976 est
635 935 995 976 demonstrationes
1019 949 1110 988 quse
1133 935 1175 974 in
1201 934 1312 974 libris
1333 931 1654 990 praecedentibus
1676 930 1948 985 reperiuntur.

286 1010 393 1052 Vide
411 1010 596 1048 lemmata
615 1004 939 1060 propositionum
958 1004 1003 1043 31
1021 1033 1033 1054 ,
1062 1004 1112 1043 32
1126 1035 1136 1055 ,
1175 1003 1242 1043 33.

340 1090 524 1132 Invenire
547 1101 711 1143 quoque
733 1097 790 1126 est
814 1086 929 1141 plura
956 1084 1083 1124 sutilia
1108 1096 1145 1123 et
1171 1084 1279 1123 scioli
1303 1083 1469 1137 alicujus
1488 1082 1734 1135 glossemata.
1757 1078 1862 1118 Vide
1880 1092 1947 1117 eo-

287 1160 494 1202 rollarium
525 1156 811 1213 propositionis
836 1155 906 1208 24,
924 1154 1072 1194 scholia
1104 1152 1428 1209 propositIOnum
1461 1166 1536 1205 19,
1562 1151 1640 1204 39,
1673 1151 1747 1200 40,
1770 1149 1816 1198 41
1833 1179 1843 1199 ,
1872 1149 1921 1197 42
1937 1178 1947 1197 ,

290 1231 339 1286 73
357 1262 367 1282 ,
398 1240 435 1269 et
463 1226 660 1267 scholium
685 1224 971 1264 definitionum
997 1222 1278 1263 secundarum.

344 1310 390 1350 In
416 1307 600 1365 pluribus
623 1305 754 1361 ejectis
776 1304 965 1344 Euclides
986 1305 1155 1358 loquens
1179 1302 1472 1353 introducitur,
1499 1307 1609 1347 κάλει,
1632 1304 1775 1349 ἐκάλεπ,
1799 1305 1950 1348 vocat,

286 1378 485 1427 vocavit,
515 1387 588 1416 etc.
632 1373 739 1414 Vide
765 1373 911 1413 scholia
942 1373 1268 1428 propositionum
1308 1385 1379 1424 19,
1413 1370 1487 1423 39,
1513 1370 1589 1419 40,
1616 1369 1662 1418 41
1679 1399 1689 1419 ,
1714 1369 1791 1418 42,
1812 1366 1886 1421 73,
1914 1377 1952 1406 et

286 1447 486 1488 scholium
513 1443 798 1484 definitionum
823 1441 1113 1493 secundarum,
1144 1451 1216 1480 etc.

344 1528 441 1567 Haec
468 1536 506 1565 et
535 1525 650 1579 plura
677 1523 750 1562 alia
778 1537 798 1560 e
824 1531 932 1560 textu
958 1519 1101 1560 decimi
1131 1519 1225 1560 libri
1257 1530 1351 1559 sunt
1381 1520 1516 1573 ejecta.
1548 1518 1592 1557 In
1622 1527 1730 1556 textu
1758 1517 1872 1571 plura
1897 1531 1955 1555 re·

287 1597 390 1637 tinui
417 1608 511 1650 quae
543 1609 586 1632 ex
615 1593 701 1646 ipso
731 1590 896 1629 sortasse
925 1589 1064 1641 ejicere
1092 1589 1337 1643 potuissem3
1371 1588 1446 1626 tale
1475 1597 1532 1626 est
1556 1586 1751 1625 scholium
1773 1585 1955 1640 proposi-

288 1665 408 1706 tionis
439 1677 508 1716 19,
541 1672 579 1700 et
609 1659 736 1699 aliter
763 1657 1092 1713 propositionum
1126 1670 1197 1709 19,
1238 1656 1340 1707 106,
1372 1671 1470 1709 107,
1502 1655 1603 1705 116,
1633 1664 1673 1693 et
1697 1654 1953 1694 corollarium

287 1729 577 1790 propositionis
604 1742 704 1777 112,
737 1740 895 1766 necnon
926 1726 1054 1765 aliter
1080 1725 1370 1780 propositionis
1404 1738 1479 1778 ¹17
1499 1755 1510 1774 ,
1542 1725 1655 1778 eujus
1688 1722 1797 1762 haud
1832 1721 1954 1763 dubie

288 1798 580 1842 demonstratio
599 1806 657 1837 est
676 1809 755 1834 una
772 1809 815 1834 ex
838 1793 1134 1847 elegantissimis
1151 1793 1274 1834 totius
1291 1793 1534 1849 geometriae.

343 1935 507 1976 Retinui
525 1948 688 1990 quoque
707 1934 747 1973 in
768 1943 876 1973 textu
894 1933 1008 1988 plura
1029 1932 1101 1971 alia
1116 1945 1208 1985 quae
1223 1946 1266 1971 ex
1282 1931 1349 1971 illo
1369 1931 1511 1984 ejicere
1526 1930 1691 1970 sortasse
1709 1929 1952 1982 debuissem,

290 2017 327 2047 et
353 2020 445 2060 quae
470 2019 514 2044 ex
543 2004 611 2044 illo
645 2003 852 2059 ejicerem,
888 2002 917 2041 si
951 2001 1116 2055 quando
1147 2001 1312 2041 alteram
1344 2000 1524 2040 Euclidis
1556 1999 1774 2039 editionem
1801 1999 1956 2054 produ-

289 2090 441 2125 eerem3
465 2074 540 2113 tale
561 2083 618 2112 est
640 2073 783 2111 lemma
809 2070 1097 2126 propositionis
1121 2084 1171 2123 9,
1202 2070 1290 2109 talia
1321 2080 1418 2110 sunt
1443 2070 1563 2109 etiam
1591 2069 1778 2108 lemmata
1805 2082 1954 2123 propo-

290 2144 483 2184 sitionum
521 2143 598 2193 14,
632 2156 701 2195 17,
734 2140 811 2191 33,
841 2154 932 2194 quae
961 2139 1000 2177 in
1033 2138 1144 2178 libris
1176 2138 1494 2194 praecedentibus
1526 2148 1620 2177 sunt
1654 2135 1954 2187 demonstrata⁷

290 2226 450 2252 necnon
466 2212 611 2251 lemma
631 2208 920 2265 propositionis
938 2222 1009 2259 20,
1029 2217 1068 2248 et
1082 2207 1338 2248 corollarium
1355 2206 1641 2263 propositionis
1661 2206 1732 2257 24,
1750 2219 1842 2261 quae
1858 2204 1958 2244 nihil

291 2291 386 2320 sunt
410 2279 483 2319 nisi
506 2278 662 2318 inutilia
680 2279 926 2333 glossemata.

347 2351 383 2391 E
408 2359 516 2391 textu
541 2348 682 2404 ejicere
706 2347 933 2387 debuissem
957 2346 1275 2402 propositionem
1299 2344 1347 2384 13
1363 2375 1374 2395 ,
1395 2357 1486 2398 quae
1508 2343 1646 2383 eadem
1669 2351 1726 2383 est
1746 2356 1788 2381 ac
1808 2354 1960 2396 propo·

291 2419 381 2460 sitio
401 2421 467 2473 14,
483 2428 522 2460 et
535 2430 627 2474 quae
642 2416 726 2457 sine
741 2414 867 2457 dubio
881 2414 1061 2456 Euclidis
1075 2428 1159 2456 non
1176 2424 1247 2454 est.
1261 2412 1426 2454 Retinui
1444 2423 1592 2464 tamen,
1607 2422 1652 2453 ut
1663 2409 1959 2468 propositiones
