2101 2847
295 175 344 231 ,xij
880 172 1372 214 PRAEFATIO.

356 259 474 298 Pnop.
498 257 602 297 VIII.
639 257 678 296 Si
711 256 800 296 duze
831 255 1126 310 magnitudines
1149 254 1253 293 inter
1276 270 1315 294 sc
1345 255 1541 296 rationem
1564 270 1645 295 non
1666 256 1817 296 habent
1838 270 1959 310 quam

298 341 490 366 numerus
510 325 559 364 ad
581 340 794 364 numerum
808 356 817 373 7
842 323 1262 364 incommensurabiles
1283 335 1400 363 erunt
1416 325 1722 379 magnitudines

356 395 476 434 in.
503 394 576 432 IX.
615 394 649 432 A
677 393 792 432 rectis
820 391 1073 447 longitudine
1102 392 1530 432 commcnsurabilibus
1557 392 1751 447 quadrata
1788 394 1892 432 inter
1922 407 1962 432 se

300 464 493 503 rationem
523 462 669 501 liabent
696 477 817 515 quam
844 461 1064 515 quadratus
1086 475 1278 499 numerus
1303 459 1353 499 ad
1380 460 1623 514 quadratum
1648 476 1865 500 numerum
1882 493 1892 512 ,
1924 471 1963 500 ct

298 532 490 586 quadrata
516 532 617 569 inter
638 546 677 569 sc
696 530 890 569 rationem
912 529 1098 568 habentia
1121 543 1243 582 quam
1266 527 1486 582 quadratus
1507 544 1698 568 numerus
1723 529 1772 568 ad
1791 529 1962 584 quadra-

299 613 383 640 tum
420 615 633 638 numerum
664 609 698 637 ct
731 598 851 637 latera
880 596 1089 635 habebunt
1114 595 1368 649 longitudine
1396 597 1794 647 commcnsurabilia3
1841 597 1910 637 scd
1939 613 1961 637 a

300 670 413 709 rei-tis
439 667 689 721 longitudine
718 664 1190 705 incommensurabilibus
1219 664 1413 718 quadrata
1447 665 1550 703 inter
1579 679 1619 704 se
1648 667 1842 706 rationem
1879 680 1962 705 non

298 739 445 778 liabent
472 751 593 790 quam
619 734 838 789 quadratus
871 748 1064 772 numerus
1084 732 1134 771 acl
1161 732 1406 786 quadratum
1428 748 1667 783 numerum,
1701 743 1739 772 ct
1767 733 1962 788 quadrata

298 809 402 846 inter
430 822 469 844 se
495 805 690 842 rationem
714 816 794 841 non
819 801 1005 840 habentia
1027 816 1149 854 quam
1174 800 1394 854 quadratus
1421 816 1611 840 numerus
1637 801 1687 841 ad
1717 801 1961 855 quadratum

296 888 513 914 numerum
530 886 659 925 neque
676 872 795 910 latera
812 869 1018 909 habebunt
1030 867 1285 923 longitudine
1303 869 1691 909 commensurabilia.

352 941 544 982 PROPX.
579 939 619 979 Si
646 949 822 994 quatuor
851 937 1147 993 magnitudiues
1170 938 1490 992 proportionales
1518 949 1631 989 sunt,
1662 939 1791 993 prima
1824 949 1959 978 autem

295 1010 479 1052 secundae
496 1007 864 1048 commensurabilis
890 1017 971 1058 est,
1007 1017 1045 1046 et
1069 1007 1184 1045 tertia
1211 1017 1365 1061 quarta*
1388 1006 1756 1046 commensurabilis
1787 1007 1885 1057 erit;
1922 1017 1960 1046 et

297 1082 327 1120 si
357 1080 483 1135 prima
512 1076 695 1117 secundae
722 1074 1135 1116 iucommensurabilis
1170 1085 1246 1127 est,
1277 1085 1315 1115 et
1343 1075 1457 1115 tertia
1484 1085 1637 1131 quarta}
1662 1075 1955 1115 incommensu-

298 1147 429 1187 rabilis
451 1146 537 1185 erit.

355 1216 473 1256 Psoi).
507 1214 580 1254 XI.
612 1213 834 1269 Proposita*
864 1225 980 1253 rectae
1010 1213 1188 1253 invenire
1222 1212 1319 1252 duas
1355 1223 1479 1253 rectas
1514 1210 1961 1262 incommensurabiles,

297 1286 459 1325 alteram
476 1282 642 1338 quidem
661 1282 913 1336 longitudine
932 1293 1091 1321 tantum
1107 1312 1117 1331 ⁷
1142 1282 1308 1321 alteram
1326 1293 1461 1321 autem
1481 1292 1520 1321 et
1538 1282 1731 1337 potentia.

351 1354 470 1393 Pnop.
494 1350 597 1391 XII.
629 1350 773 1390 Eidem
801 1350 1067 1405 magnitudini
1089 1350 1467 1391 commensurabiles
1491 1361 1529 1390 et
1550 1351 1655 1390 inter
1677 1365 1717 1390 se
1738 1360 1833 1390 sunt
1850 1362 1960 1389 com-

299 1421 596 1463 mensurabiles.

352 1491 471 1530 PnoP.
492 1488 619 1529 XIII.
659 1488 697 1526 Si
730 1499 823 1526 sunt
848 1487 938 1526 duae
963 1487 1286 1542 magnitudines,
1315 1499 1354 1526 et
1372 1489 1493 1527 altera
1513 1488 1679 1541 quidem
1706 1500 1958 1527 commensu-

298 1560 427 1599 rabilis
462 1568 519 1596 est
550 1555 698 1606 cidem⁷
731 1556 853 1595 altera
885 1567 1020 1596 autem
1055 1555 1495 1605 incommensurabilis3
1537 1553 1959 1594 incommensurabiles

296 1638 415 1668 crunt
439 1623 748 1678 magnitudines.

350 1695 469 1735 Pnop.
490 1690 612 1731 XIV.
636 1690 675 1729 Si
700 1701 794 1729 sunt
815 1690 905 1729 dua*
926 1690 1221 1745 magnitudines
1245 1688 1646 1738 commensurabiles,
1674 1688 1795 1728 altera
1822 1698 1957 1728 autem

297 1766 473 1819 ipsarum
501 1758 766 1814 magnitudini
795 1760 910 1799 alicui
939 1757 1352 1798 incommensurabilis
1377 1768 1458 1809 est3
1491 1767 1529 1796 et
1556 1756 1707 1811 reliqua
1739 1755 1869 1796 eidem
1892 1755 1954 1795 in-

297 1827 666 1873 commensurabilis
689 1827 774 1866 erit.

350 1900 470 1939 Pnop.
491 1895 590 1937 XV.
629 1895 671 1936 Si
698 1906 873 1950 quatuor
904 1907 1019 1936 rectae
1051 1896 1372 1951 proportionales
1394 1905 1508 1946 sunt,
1542 1895 1632 1949 plus
1658 1904 1790 1949 potest
1820 1903 1955 1934 autem

297 1968 424 2024 prima
453 1979 576 2020 quam
604 1963 777 2004 secunda
803 1964 1000 2019 quadrato
1029 1980 1073 2004 ex
1103 1969 1210 2005 recta
1244 1964 1318 2005 sibi
1359 1962 1743 2015 commensurabili,
1775 1973 1812 2003 et
1840 1964 1957 2004 tertia

295 2050 416 2091 quam
443 2043 584 2088 quarta
604 2033 693 2087 plus
722 2033 871 2088 poterit
896 2033 1095 2087 quadrato
1133 2049 1178 2073 ex
1210 2038 1314 2073 recta
1344 2033 1416 2073 sibi
1451 2031 1858 2073 incommensurabili.
1900 2032 1955 2072 Et

294 2106 325 2145 si
352 2104 480 2160 prima
504 2116 625 2155 quam
657 2100 828 2140 secunda
857 2102 945 2156 plus
972 2112 1103 2157 potest
1129 2102 1325 2156 quadrato
1353 2117 1397 2141 ex
1425 2101 1632 2141 rectasibi
1659 2102 1954 2141 incommensu-

298 2172 436 2221 rabili,
471 2182 509 2209 et
533 2170 647 2209 tertia
671 2184 793 2224 quam
821 2182 961 2224 quarta
987 2171 1075 2226 plus
1101 2171 1247 2226 poterit
1277 2169 1473 2225 quadrato
1507 2184 1551 2210 ex
1576 2175 1682 2210 recta
1708 2169 1781 2209 sibi
1800 2169 1954 2209 incom-

297 2239 564 2281 mensurabili.

348 2453 467 2491 Pnop.
489 2448 606 2488 XVI.
644 2451 683 2491 Si
713 2450 803 2490 duce
828 2447 1123 2502 magnitudines
1146 2444 1523 2485 connnensurabiles
1553 2455 1881 2500 componuntur,
1913 2456 1952 2486 ct
