2101 2847
250 192 321 218 xxx
836 181 1335 225 PRAEFATIO.

309 260 348 300 5.
381 259 421 302 Si
443 276 538 305 vero
563 263 614 303 sit
640 277 886 319 congruens,
910 265 1067 321 quinta.

310 401 348 440 6.
382 400 422 441 Si
443 412 578 442 autem
599 413 763 455 neutra,
784 413 903 444 sexta.

310 609 430 649 Pssop.
454 609 705 651 LXXXVI.
736 611 922 652 Invenire
946 613 1121 667 primam
1147 625 1377 669 apotomen.

308 679 428 719 Pnop.
455 678 731 720 LXXXVII.
758 679 943 721 Invenire
971 683 1188 722 secundam
1208 694 1439 739 apotomen.

309 748 429 789 Prior.
454 747 754 789 LXXXVIII.
784 749 969 790 Invenire
999 752 1157 791 tertiam
1181 763 1412 807 apotomen.

311 817 431 857 Pnop.
461 816 716 858 LXXXIX.
748 817 934 859 Invenire
960 830 1148 874 quartam
1172 831 1405 876 apotomen.

306 887 428 928 Pnop.
450 886 540 928 XC.
571 887 755 927 Invenire
778 889 963 944 quintam
989 902 1221 946 apotomen.

305 957 428 997 Pnop.
450 956 565 997 XCI.
597 957 780 997 Invenire
804 969 951 998 sextam
976 970 1208 1014 apotomen.

304 1026 426 1067 paor.
452 1026 590 1068 XCII.
624 1026 665 1066 Si
692 1028 867 1083 spatium
887 1029 1141 1069 contineatur
1169 1028 1245 1070 sub
1275 1028 1457 1070 rationali
1483 1038 1521 1068 et
1547 1036 1735 1084 apotome
1762 1028 1892 1085 prima
1909 1059 1921 1081 7

250 1106 357 1136 reeta
385 1096 561 1150 spatium
584 1105 726 1150 potens
752 1107 943 1151 apotome
969 1108 1039 1137 est.

306 1165 427 1204 Pnop.
445 1163 608 1204 XCIII.
641 1163 680 1204 Si
697 1165 874 1219 spatium
892 1166 1146 1206 contineatur
1165 1165 1240 1207 sub
1264 1167 1446 1207 rationali
1464 1177 1503 1206 et
1518 1176 1707 1221 apotome
1726 1165 1920 1216 secund-2⁴1,

251 1244 357 1275 reeta
379 1234 554 1289 spatium
572 1243 716 1289 potens
734 1233 879 1274 mediae
902 1244 1092 1289 apotome
1113 1245 1170 1275 est
1191 1236 1333 1292 prima.

304 1372 426 1414 Pnor.
446 1369 604 1413 XCIV.
634 1370 674 1411 Si
696 1371 872 1428 spatium
896 1373 1150 1414 contineatur
1179 1373 1254 1415 sul)
1280 1372 1464 1414 rationali
1492 1383 1530 1413 et
1563 1383 1751 1428 apotome
1780 1372 1918 1424 tertia,

250 1454 356 1485 reeta
379 1443 554 1500 spatium
581 1452 724 1498 potens
747 1441 891 1482 mediae
918 1453 1108 1498 apotome
1136 1455 1194 1484 est
1217 1443 1405 1485 secunda.

305 1582 427 1622 Pnop.
449 1578 585 1622 XCV.
616 1580 655 1621 Si
685 1580 861 1635 spatium
890 1581 1145 1621 contineatur
1167 1580 1241 1621 sub
1267 1580 1450 1621 rationali
1479 1591 1518 1621 et
1536 1591 1726 1636 apotome
1753 1586 1916 1637 quarta,

250 1663 354 1694 reeta
382 1652 557 1707 spatium
577 1660 720 1705 potens
747 1649 883 1688 minor
911 1659 981 1688 est.

305 1722 426 1762 Pnop.
450 1717 609 1760 XCVI.
641 1717 684 1757 Si
705 1717 880 1772 spatium
901 1717 1156 1757 contineatur
1178 1716 1252 1757 sub
1274 1717 1457 1758 rationali
1483 1727 1521 1757 et
1540 1727 1732 1773 apotome
1754 1719 1918 1772 quinta7

252 1801 355 1832 reeta
372 1789 547 1845 spatium
565 1797 709 1844 potens
728 1796 786 1827 est
806 1800 897 1842 quae
920 1801 1013 1826 eum
1030 1787 1212 1827 rationali
1230 1786 1410 1827 medium
1427 1797 1561 1827 totum
1578 1786 1686 1827 facit.

305 1930 425 1970 Pnop.
451 1926 635 1969 XCVII.
668 1925 708 1966 Si
734 1926 907 1982 spatium
929 1925 1183 1967 contineatur
1204 1925 1278 1966 sub
1305 1924 1488 1967 rationali
1515 1935 1554 1965 et
1582 1936 1771 1981 apotome
1792 1932 1915 1979 sexta7

250 2009 354 2038 reeta
376 1997 551 2053 spatium
572 2005 714 2051 potens
736 2005 793 2035 est
816 2009 907 2050 quae
928 2010 1020 2035 eum
1038 1994 1174 2036 medio
1194 1994 1375 2036 medium
1396 2005 1531 2034 totum
1554 1993 1660 2034 facit.

304 2137 426 2177 Paos».
446 2133 652 2176 XCVIII.
684 2133 940 2186 Quadratum
965 2148 1009 2174 ex
1031 2144 1220 2190 apotome
1240 2132 1292 2174 ad
1311 2132 1544 2173 rationalem
1567 2131 1812 2188 applicatum
1832 2132 1918 2172 lati-

250 2204 431 2244 tudinem
451 2205 542 2244 saeit
562 2214 778 2259 apotomen
796 2203 982 2258 primam.
1584 2261 1586 2263 ‚

304 2274 424 2313 PnoP.
452 2271 613 2313 XCIX.
644 2271 901 2323 Quadratum
929 2287 972 2311 ex
1000 2272 1132 2312 media
1161 2282 1350 2326 apotome
1369 2271 1500 2326 priina
1521 2269 1571 2310 ad
1593 2269 1828 2310 rationalem
1850 2284 1917 2324 ap-

249 2343 439 2399 plicatum
464 2341 720 2382 latitudinem
748 2341 839 2381 facit
863 2352 1080 2396 apotomen
1107 2340 1337 2381 secundam.

304 2412 425 2453 Prior.
457 2411 503 2452 C.
536 2410 792 2463 Quadratum
813 2426 857 2450 ex
876 2410 1007 2451 media
1030 2421 1218 2466 apotome
1241 2409 1415 2450 secunda
1443 2408 1495 2450 ad
1523 2407 1758 2450 rationalem
1785 2406 1914 2462 appli-

248 2491 381 2521 catum
406 2481 662 2522 latitudinem
690 2479 784 2521 facit
805 2490 1025 2536 apotomen
1051 2480 1226 2519 tertiam.
