2105 2776
362 157 645 195 EUCLIDIS
671 154 1148 193 ELEMENTORUM
1176 152 1355 190 LIBER
1381 151 1662 190 DECIMUS.
1750 150 1829 192 505

215 245 365 266 EDITIO
398 245 674 266 PARISIENSIS.
853 242 989 263 CODEX
1030 242 1103 273 190.
1346 240 1495 261 EDITIO
1528 239 1711 261 OXONIAE.

162 304 198 339 8.
227 304 306 337 ἐστὶν
325 304 402 345 ἴαν,
461 329 715 340 ......
785 301 847 337 Id.
895 327 904 336 .
944 327 954 337 .
991 329 1002 338 .
1043 330 1047 337 2
1090 327 1099 336 .
1143 327 1151 336 .
1188 329 1196 338 .
1269 300 1329 334 ἴσον
1350 301 1433 339 ἐστὶ,

162 379 199 414 9.
225 364 331 399 λωπόν
363 390 713 402 ........
781 363 844 398 Id·
893 388 1196 399 .......
1266 363 1316 396 καὶ
1335 362 1440 395 λοιπὸν

166 440 221 463 10.
249 428 300 462 καὶ
359 453 711 462 ........
779 426 843 462 Id.
890 451 899 460 .
939 452 948 460 .
986 454 994 462 .
1037 452 1046 462 .
1084 451 1095 461 .
1133 453 1141 460 .
1185 449 1193 458 .
1261 423 1379 460 deest.

164 501 176 523 1
189 501 221 523 1·
246 488 390 535 ἑκατέρων
412 511 718 527 .......
787 487 948 534 ἑκατέρας.
1020 513 1031 525 .
1052 488 1058 534 2
1082 514 1091 523 .
1132 513 1140 521 .
1181 513 1189 522 .
1261 484 1463 523 concordat
1480 497 1564 520 eum
1583 482 1671 520 edit.
1691 483 1805 518 Paris.

166 563 220 586 12.
248 551 298 584 καὶ
362 575 712 586 ........
780 548 897 587 deest.
945 574 1196 586 ......
1267 546 1467 584 concordat
1483 559 1565 584 cum
1583 545 1670 583 edit.
1689 545 1800 581 Paris.

687 681 1087 718 PROPOSITIO
1147 680 1321 718 XCIII.

166 803 198 825 1.
226 790 277 824 ἕλη
298 790 312 824 ἦ
330 800 380 824 ΑΗ
409 815 710 825 .......
784 789 836 826 Id
838 813 1196 824 ........
1267 796 1318 821 AH
1333 786 1386 819 ἕλη

162 865 198 888 2.
221 853 326 895 μήκει·
362 877 713 888 ........
783 851 887 888 deest
891 876 1193 886 .......
1264 848 1465 885 concordat
1480 859 1563 883 cum
1579 845 1668 883 edit.
1682 845 1797 881 Paris.

162 915 197 948 3.
228 916 331 948 διελεῖ.
359 941 366 949 .
411 937 419 946 .
459 938 468 947 .
506 937 518 949 .
557 939 565 948 .
606 938 614 947 .
655 938 663 948 .
705 938 713 947 .
782 915 897 959 ὣαιρεῒ
895 936 1197 947 .......
1268 909 1471 946 coneordat
1491 921 1575 946 cum
1593 907 1680 946 edit.
1700 907 1814 943 Paris.

159 977 197 1018 4.
225 977 268 1015 τῷ
315 998 715 1009 .........
783 974 846 1011 Id.
894 998 903 1007 .
940 1001 949 1010 .
989 1001 997 1009 .
1039 999 1049 1009 .
1089 998 1098 1007 .
1136 1000 1145 1008 .
1189 997 1196 1005 .
1264 971 1300 1003 τὶ

161 1036 197 1072 5.
223 1036 280 1068 Καὶ
301 1034 354 1068 διὰ
376 1038 433 1067 τῶν
451 1043 488 1075 Ε,
506 1043 543 1075 z,
561 1043 586 1067 H
602 1037 726 1076 σημείων
778 1034 881 1072 deest
885 1059 1189 1071 .......
1260 1031 1460 1068 concordat
1477 1044 1561 1068 cum
1582 1030 1669 1066 edit.
1699 1030 1812 1066 Paris·

210 1099 251 1140 τῇ
267 1106 309 1130 ΑΓ
327 1097 522 1143 παράλληλοι
545 1095 681 1139 ἤχθωσαν
700 1098 734 1129 αἱ

209 1168 279 1199 ΕΘ,
297 1167 351 1198 21,
367 1167 426 1192 AK.
446 1159 503 1192 Καὶ
529 1158 594 1192 ἐπεὶ
612 1160 734 1200 σύμμε-

211 1220 280 1266 τρός
296 1219 375 1253 ἔστιν
393 1219 407 1254 ἦ
425 1229 469 1254 ΑΖ
483 1223 525 1263 τῇ
540 1228 587 1253 ΖΗ
596 1219 701 1262 painel·

162 1281 199 1317 6.
224 1280 300 1329 ῥητή
334 1281 394 1328 ἄρα
424 1281 489 1315 ἐστὶ
515 1281 567 1316 καὶ
599 1281 728 1328 ἑκατέρα
778 1280 882 1319 deest
885 1306 1196 1317 .......
1267 1280 1470 1317 concordat
1489 1292 1574 1316 cum
1592 1278 1681 1316 edit.
1700 1279 1814 1315 Pari3.

212 1346 269 1376 τῶν
298 1352 365 1384 ΔΕ,
392 1353 463 1384 ΕΗ,
491 1344 541 1378 καὶ
565 1344 734 1391 σύμμετρος

211 1408 254 1448 ’τῇ
273 1415 316 1439 ΑΓ
337 1405 441 1448 μήκεν
464 1431 720 1442 ......

164 1477 200 1513 7.
227 1465 283 1499 τὴν
300 1465 359 1499 ὑπὸ
379 1475 474 1500 ΛΟΜ·
531 1492 539 1501 .
604 1493 613 1502 .
651 1492 662 1502 .
702 1493 711 1502 .
779 1469 822 1508 τῷ
841 1465 904 1499 ἀπὸ
922 1469 978 1500 τῶν
996 1475 1090 1500 ΛΟΜ·
1137 1492 1146 1502 .
1187 1492 1196 1501 .
1269 1464 1470 1502 concordat
1491 1477 1575 1501 cum
1597 1464 1685 1501 edit.
1703 1465 1817 1501 Paris.

164 1529 199 1564 8.
228 1528 278 1562 καὶ
296 1529 457 1576 σύμμετρα
471 1527 636 1570 ἀλλήλοις,
661 1556 668 1564 .
708 1555 717 1564 .
787 1527 891 1564 deest
895 1554 1199 1564 .......
1269 1527 1470 1564 concordat
1490 1539 1575 1563 cum
1597 1526 1686 1563 edit.
1703 1527 1817 1563 Paris.

162 1603 199 1638 9.
225 1590 285 1637 ἅμα
306 1617 709 1627 .........
793 1590 909 1627 deest.
943 1616 952 1625 .
992 1616 1002 1626 .
1040 1617 1049 1626 .
1083 1609 1092 1617 ·
1141 1616 1149 1626 .
1191 1616 1199 1625 .
1273 1589 1474 1626 concordat
1493 1602 1577 1627 cum
1596 1589 1685 1627 edit.
1707 1590 1820 1626 Paris.

169 1664 224 1687 10.
251 1652 333 1694 Λέᾳω
351 1651 397 1686 ἔτι
422 1652 472 1687 καὶ
494 1654 619 1696 Aminea
641 1654 731 1695 μένον
786 1652 836 1687 Id
839 1677 1201 1688 ........
1271 1653 1396 1695 θυναὶμει
1413 1653 1590 1699 σύμμετροι.
1609 1652 1666 1687 Καὶ
1684 1652 1746 1686 {rte}
1763 1652 1822 1699 γὰρ

214 1714 393 1761 σύμμετροι.
420 1715 492 1749 Επεὶ
511 1714 569 1763 ’γὰρ
609 1741 618 1750 .
656 1742 664 1751 .
707 1741 716 1750 .

168 1786 183 1811 1
195 1788 226 1810 1.
252 1776 317 1810 ἐστὶ
365 1802 718 1813 ........
787 1775 891 1813 deest
895 1801 1207 1811 .......
1277 1777 1478 1813 concordat
1500 1789 1583 1813 cum
1599 1776 1688 1813 edit.
1706 1776 1818 1812 Paris.

169 1849 212 1871 12
255 1837 319 1872 ἐστὶ
358 1864 712 1875 ........
780 1837 885 1874 deest
889 1862 1197 1873 .......
1267 1838 1468 1876 concordat
1485 1851 1568 1874 cum
1586 1838 1674 1874 edit.
1694 1838 1808 1873 Paris.

169 1901 226 1935 13.
254 1900 396 1933 τουτέστι
422 1902 467 1942 τῷ
511 1926 718 1936 .....
785 1900 820 1933 ’τὸ
839 1900 871 1933 δὲ
885 1908 931 1933 ΤΣ
945 1899 1010 1934 ἐστὶ
1025 1902 1070 1941 τῷ
1090 1926 1099 1936 .
1141 1925 1150 1935 .
1191 1927 1199 1935 .
1271 1900 1474 1937 concordat
1491 1913 1574 1936 cum
1593 1898 1682 1935 edit.
1699 1899 1812 1934 Paris.

170 1963 227 2006 ¹4·
254 1959 289 1993 τὸ
309 1960 369 2008 ἄρα
385 1960 447 1995 ἀπὸ
466 1964 524 1998 τῆς
543 1969 596 1995 ΛΝ
659 1987 668 1997 .
709 1987 716 1995 .
785 1962 820 1995 τὸ
834 1961 896 1995 ἀπὸ
914 1964 970 1998 τῆς
986 1971 1039 1996 ΛΝ
1051 1962 1111 2009 ἄρα
1142 1989 1150 1998 .
1190 1988 1199 1997 .
1270 1962 1475 1998 concordat
1492 1974 1576 1998 cum
1594 1961 1681 1998 edit.
1699 1961 1815 1996 Paris.

170 2023 227 2059 15·
253 2023 289 2057 τό
312 2048 719 2060 .........
786 2026 821 2058 τὸ
839 2025 901 2058 ἀπὸ
918 2028 974 2062 τῆς
995 2050 1202 2061 .....
1275 2025 1480 2061 concordat
1498 2037 1581 2061 cum
1599 2023 1687 2060 edit.
1703 2023 1819 2059 Paris.

172 2085 228 2121 16.
256 2086 291 2119 ἓὴ
315 2111 718 2123 .........
785 2086 889 2124 deest
895 2106 1204 2124 .......
1268 2087 1471 2123 concordat
1488 2099 1572 2122 cum
1588 2086 1676 2122 edit.
1692 2086 1806 2121 Paris.

172 2159 229 2195 17.
253 2146 348 2189 μέσης
368 2172 377 2182 .
419 2173 427 2182 .
465 2175 473 2182 .
515 2159 523 2168 ·
566 2173 574 2182 .
615 2173 624 2183 .
664 2176 672 2184 .
715 2175 723 2182 .
786 2149 866 2191 μέση
901 2174 1205 2185 .......
1276 2148 1476 2186 concordat
1495 2162 1577 2184 cum
1597 2148 1684 2185 edit.
1702 2149 1814 2185 Paris.

172 2210 228 2245 18.
255 2212 298 2251 τῷ
314 2217 373 2242 MN
387 2235 397 2249 ,
414 2209 558 2243 τουτέστι
612 2235 621 2244 .
661 2235 670 2245 .
707 2238 716 2247 .
787 2210 891 2247 deest
895 2236 1199 2247 .......
1272 2210 1473 2247 concor-dat
1489 2222 1572 2246 cum
1587 2210 1676 2247 edit.
1693 2210 1807 2246 Puris.

172 2283 229 2319 19.
256 2270 320 2304 ἐστὶ
369 2299 377 2307 .
421 2296 429 2305 .
471 2296 478 2304 .
517 2297 526 2307 .
565 2299 573 2308 .
616 2298 625 2308 .
663 2300 671 2308 .
715 2298 723 2306 .
791 2273 895 2310 deest
899 2298 1203 2310 .......
1275 2272 1477 2309 concordat
1490 2286 1574 2310 cum
1590 2272 1680 2310 edit.
1699 2273 1812 2309 Paris.

168 2344 228 2368 20·
253 2331 289 2369 ὦς
307 2332 337 2365 δῖ
369 2357 721 2369 ........
792 2335 854 2371 Id.
901 2360 1203 2370 .......
1273 2335 1324 2369 καὶ
1347 2335 1384 2372 ὧς
1404 2334 1464 2382 ἆρα

366 2452 412 2484 11.
1615 2451 1667 2501 64
