2105 2776
328 108 345 116 “
380 123 656 161 EUCL1D1s
681 123 1151 160 ELEMENTORUM
1179 123 1354 159 LIBER
1378 123 1661 160 DECIMUS.
1789 123 1868 165 515

696 230 1125 266 PROPOSITIO
1193 229 1372 266 CXIV.

264 348 726 370 ED1T10PA11151EN515.
951 347 1085 368 CODEX
1116 346 1189 378 190.
1410 347 1562 368 EDITIO
1589 347 1771 370 OXONIAE·

197 417 228 438 1·
257 404 319 438 ἔστι
341 409 407 443 τοῖς
439 432 740 442 .......
810 404 859 440 ld
861 429 1221 441 ........
1288 403 1405 440 deest.

192 478 229 500 2.
257 467 306 500 καὶ
344 494 353 502 .
393 494 401 503 .
442 493 451 502 .
480 456 483 457 ⁷
490 493 746 504 ......
813 466 863 502 ld
866 491 1225 503 ........
1294 465 1412 502 deest.

196 530 232 562 5·
257 529 303 562 ’5¹⁷¹
330 529 345 562 ἦ
392 555 742 566 ········
814 528 864 563 Id
865 553 1227 564 ........
1296 527 1344 561 θὅτι
1366 527 1381 562 »3

190 592 227 634 4.
251 589 327 623 ’ἔστω
383 615 739 627 ........
807 589 882 623 ’ἔστω
899 591 948 622 καὶ
1011 614 1216 624 .....
1286 588 1488 626 concordat
1505 602 1589 627 cum
1609 589 1697 626 edit.
1716 590 1829 627 Paris.

191 649 227 686 5.
254 651 498 697 παραξέζλκται·
539 676 742 686 .....
812 650 862 685 ld
864 675 1224 686 ........
1292 651 1495 696 παράκειται·

187 711 225 745 6.
251 712 311 744 ἴσον
328 712 393 746 ἐστὶ
431 737 685 749 ......
730 736 740 745 -
804 711 869 747 Id.
917 736 1221 746 .......
1290 713 1370 745 ἐστὶν
1391 713 1451 746 ἴσον

188 784 222 819 7.
248 772 302 807 τὴν
320 782 345 806 Η
348 796 734 809 .........
801 772 837 807 in
851 771 990 820 reliqua
1004 771 1235 808 demonstra-
1289 773 1490 811 concordat
1511 787 1593 810 cum
1609 773 1697 811 edit.
1721 775 1834 811 Paris.

859 834 959 869 tione
1018 833 1239 870 vocabulum

856 893 910 928 τὴν
923 893 1040 931 deest.
1063 920 1071 928 .
1109 922 1119 932 .
1159 921 1169 930 .
1207 923 1215 931 .

183 956 219 989 8.
248 955 286 991 ὡς
332 981 732 993 .........
800 954 918 991 deest.
964 981 1219 992 ......
1290 958 1491 994 concordat
1510 971 1594 994 cum
1612 958 1702 996 edit.
1720 960 1834 996 Paris.

182 1027 219 1062 9.
247 1017 301 1048 εἰσὶ
334 1041 734 1052 .........
803 1016 906 1051 deest
910 1041 1215 1053 .......
1284 1018 1485 1054 concordat
1506 1031 1591 1055 cum
1610 1019 1700 1056 edit.
1719 1021 1834 1056 Paris.

189 1088 247 1111 10.
276 1075 369 1112 οὕτως
432 1102 736 1113 .......
804 1077 922 1113 deest.
969 1103 1223 1115 ......
1293 1080 1494 1117 concordat
1510 1093 1593 1116 cum
1613 1081 1700 1117 edit.
1719 1082 1834 1118 Paris.

186 1149 242 1172 11.
272 1136 366 1173 οὕτως
423 1162 727 1175 .......
797 1137 901 1173 deest
905 1162 1215 1175 .......
1287 1141 1488 1177 concordat
1509 1154 1592 1179 cum
1610 1142 1699 1179 edit.
1718 1143 1833 1180 Paris.

186 1210 243 1233 12.
272 1196 365 1234 οὕτως
429 1222 732 1232 .......
800 1196 903 1235 deest
907 1223 1222 1237 .......
1292 1203 1491 1240 concordat
1511 1216 1595 1239 cum
1611 1205 1700 1241 edit.
1720 1205 1834 1242 Paris.

190 1261 247 1296 15.
278 1259 370 1296 οὕτως
385 1259 421 1293 τὸ
441 1259 504 1292 ἀπὸ
523 1262 580 1296 τῆς
599 1260 719 1306 πρώτης
805 1259 840 1292 τὸ
858 1259 919 1293 ἀπὸ
935 1263 991 1297 τῆς
1006 1260 1027 1292 σέ
1056 1288 1064 1296 .
1105 1287 1113 1295 .
1154 1290 1163 1298 .
1203 1290 1212 1298 .
1283 1264 1486 1301 concordat
1506 1277 1590 1301 cum
1608 1265 1701 1302 edit.
1717 1266 1832 1303 Paris.

185 1325 242 1367 14.
270 1321 335 1354 ἐστὶ
381 1347 735 1358 ........
805 1320 854 1355 ld
857 1346 1217 1360 ........
1286 1324 1403 1361 deest.

185 1383 243 1417 15.
270 1384 333 1416 ἐστι
382 1408 734 1418 ........
804 1381 909 1417 deest
913 1406 1214 1421 .......
1287 1385 1489 1422 concordat
1508 1399 1592 1424 cum
1611 1386 1699 1424 edit.
1718 1388 1831 1424 Paris.

185 1445 241 1480 16.
269 1444 329 1492 Alpa
381 1467 735 1480 ........
800 1443 917 1479 deest.
965 1470 1220 1482 ......
1290 1447 1492 1484 concordat
1506 1461 1590 1485 cum
1610 1448 1700 1486 edit.
1718 1450 1832 1486 Paris.

184 1519 241 1553 17·
268 1516 311 1540 ΓΔ
329 1507 368 1550 τῇ
387 1514 436 1540 ΖΘ
472 1531 728 1542 ......
798 1515 844 1539 ez
860 1508 901 1548 τῇ
919 1514 962 1538 m
1007 1530 1213 1542 .....
1282 1506 1484 1543 concordat
1501 1520 1586 1543 cum
1607 1507 1698 1544 edit.
1714 1509 1828 1544 Paris.

185 1569 248 1604 18.
275 1568 307 1602 θὲ
324 1576 377 1608 ΒΓ,
394 1577 435 1601 ΓΔ
481 1592 736 1604 ......
806 1575 858 1606 ΒΓ,
879 1576 923 1600 ΓΔ
939 1565 970 1598 «ΓΞ
1008 1591 1214 1601 .....
1288 1567 1489 1604 concordat
1507 1581 1589 1604 cum
1608 1569 1699 1605 edit.
1715 1570 1828 1606 Paris.

188 1643 245 1678 19.
272 1630 333 1676 ἄρα
352 1628 505 1671 ὅνιμαίτων
521 1628 601 1663 ἔστὶν
632 1653 640 1661 .
679 1656 687 1664 .
728 1653 737 1663 .
810 1627 962 1669 ὃνομσίτων
979 1626 1058 1661 ἐστὶν
1074 1627 1134 1674 ἄρα
1156 1654 1164 1662 .
1203 1654 1213 1663 .
1285 1628 1486 1666 concordat
1504 1642 1588 1666 cum
1608 1630 1697 1667 edit.
1715 1631 1829 1667 Paris-

186 1703 246 1727 20.
272 1690 432 1724 &vice-tm
473 1714 730 1726 ......
798 1688 860 1724 ld·
909 1715 1213 1726 .......
1283 1691 1415 1723 δύναται

177 1765 238 1788 21.
265 1752 316 1785 καὶ
377 1774 725 1787 ........
796 1748 901 1786 deest
904 1774 1216 1785 .......
1286 1751 1486 1787 concordat
1507 1765 1590 1788 cum
1607 1752 1697 1789 edit.
1717 1753 1832 1790 Paris.

179 1827 240 1850 22.
267 1815 426 1848 sufficerat
471 1837 728 1850 ......
797 1812 861 1848 Id.
905 1838 914 1847 .
958 1838 965 1847 .
1006 1837 1014 1845 .
1053 1838 1063 1846 .
1102 1840 1110 1848 .
1154 1837 1162 1845 .
1199 1840 1208 1848 .
1279 1814 1410 1846 &aranu

182 1878 243 1912 25.
270 1877 319 1909 καὶ
373 1899 725 1911 ........
797 1873 912 1911 deest.
949 1901 958 1910 .
1000 1899 1010 1908 .
1052 1899 1060 1906 .
1101 1898 1109 1906 .
1151 1899 1159 1907 .
1196 1901 1204 1909 .
1278 1874 1481 1911 concordat
1500 1889 1582 1912 cum
1602 1876 1690 1913 edit.
1710 1876 1823 1912 Paris.

178 1940 236 1983 24.
265 1936 329 1970 ἐστι
378 1959 729 1972 ........
801 1934 904 1973 deest
908 1959 1220 1971 .......
1287 1935 1487 1972 concordat
1508 1949 1592 1973 cum
1608 1937 1696 1974 edit.
1711 1938 1824 1973 Paris.

678 2040 1094 2078 ΡζιΟΡΟὸΙΤΙΟ
1146 2040 1300 2077 CXV.
1358 2061 1382 2064 --

180 2159 212 2183 1.
241 2150 275 2181 're‘
324 2173 726 2184 .........
796 2146 858 2182 Id.
903 2176 912 2185 .
957 2173 964 2182 .
1005 2174 1014 2183 .
1053 2173 1062 2183 .
1101 2174 1110 2183 .
1151 2173 1160 2183 .
1201 2174 1210 2183 .
1278 2147 1395 2184 deest.

176 2223 211 2244 2.
238 2212 304 2246 τοῖς
327 2234 730 2246 .........
799 2209 849 2244 Id
852 2234 1205 2245 ........
1273 2214 1340 2246 τοῖς
1363 2209 1424 2243 εἰπὲ

172 2272 209 2307 5.
242 2270 250 2279 ‘
275 2295 728 2307 ..........
798 2271 847 2306 Id
850 2296 1211 2308 ........
1280 2271 1397 2308 deest.

171 2337 209 2379 4.
236 2335 271 2366 τέ
793 2334 844 2370 Id
846 2359 1205 2369 ........
1273 2334 1390 2370 deest.

174 2394 211 2431 5.
237 2393 291 2429 τὴν
312 2402 381 2429 ΜΛ·
421 2418 727 2431 .......
796 2404 865 2429 MA·
901 2419 1203 2432 .......
1277 2394 1479 2433 concordat
1499 2407 1582 2433 cum
1599 2394 1687 2433 edit.
1705 2396 1818 2434 Paris.
