2101 2847
209 213 347 269 xxxviij
791 211 823 251 P
854 210 889 250 R
921 210 970 250 AE
999 208 1033 249 F
1063 209 1098 249 A
1127 208 1163 248 T
1192 209 1210 249 I
1240 209 1291 249 O.

212 309 312 336 meae
339 293 525 335 editionis
555 295 808 349 signarentur
832 291 975 332 iisdem
1000 292 1181 331 numeris
1207 290 1355 346 quibus
1376 291 1670 346 propositiones
1698 290 1884 332 editionis

213 365 394 405 Oxoniae.

270 434 433 474 Retiuui
470 434 589 473 etiam
628 433 826 473 scholium
862 430 974 486 quod
1013 430 1199 470 ultimam
1242 429 1561 484 propositionem
1598 429 1886 485 subsequitur,

217 503 398 557 quamvis
429 501 528 541 illud
557 511 760 556 supponat
791 500 925 554 plures
960 499 1257 555 propositiones
1290 513 1380 553 qua}
1409 499 1449 538 iu
1476 500 1586 540 libris
1618 511 1773 539 tantum
1797 497 1890 539 sub-

217 571 478 627 sequentibus
511 569 854 610 demonstrantur.
892 568 982 607 Hoc
1015 569 1212 608 scholium
1248 569 1420 617 retinui,
1449 570 1540 622 quia
1574 569 1673 608 illud
1712 567 1889 608 ostendit

217 640 455 696 quomodo,
499 639 612 679 rectis
650 637 1122 678 iueomtnensurabilibus
1154 638 1349 690 inventis,
1389 637 1684 691 magnitudines
1716 637 1889 677 duarum

220 721 258 750 et
280 710 401 749 trium
424 708 723 748 dimensionum
744 706 913 745 inveniri
943 706 1096 762 possint
1120 707 1225 746 iuter
1247 722 1286 746 se
1310 706 1745 746 ineommensurabiles.

275 778 544 820 Corollarium
572 775 857 831 propositionis
885 776 956 830 73,
978 775 1090 830 quod
1111 775 1150 815 in
1170 775 1407 816 lectionibus
1426 776 1540 815 variis
1561 775 1691 827 adest7
1715 775 1755 814 in
1782 785 1891 814 textu

219 848 354 888 adesse
374 846 551 888 deberet.

277 917 387 958 Nihil
415 918 586 973 amplius
616 917 746 958 dieam
774 916 823 956 de
849 915 1088 955 lectionibus
1117 914 1234 954 variis
1262 914 1353 954 libri
1384 913 1549 966 deeimi3
1578 930 1686 954 nune
1717 914 1766 954 de
1796 928 1892 969 pro-

220 987 420 1043 positione
444 1001 494 1041 19
513 986 604 1027 libri
626 987 723 1027 noni
744 1000 833 1025 sum
850 985 1074 1025 locuturus.

280 1056 367 1096 Dixi
390 1057 431 1095 in
450 1062 546 1096 nota
565 1070 656 1111 quae
676 1055 876 1111 reperitur
894 1054 935 1093 in
952 1054 1030 1093 ima
1046 1054 1189 1109 pagina
1202 1053 1322 1108 hujus
1342 1054 1629 1109 propositionis
1646 1054 1895 1107 Hervagium

223 1126 427 1166 volentem
461 1125 675 1166 emendare
709 1124 811 1165 duos
847 1123 1002 1165 codices
1040 1137 1188 1177 graecos
1226 1122 1374 1177 quibus
1417 1139 1511 1163 usus
1547 1123 1621 1163 suit
1652 1123 1693 1162 in
1726 1122 1897 1163 Euclide

225 1194 382 1235 edendo
405 1226 415 1245 ,
457 1210 531 1250 pro
571 1195 847 1251 propositione
886 1208 935 1247 19
969 1193 1220 1233 substituisse
1253 1207 1421 1247 graman}
1453 1193 1678 1232 versionem
1705 1192 1897 1232 versionis

224 1264 357 1304 latinae
404 1263 609 1303 Zamberti
636 1293 646 1310 ,
685 1277 777 1318 quae
817 1261 1037 1303 coneordat
1075 1278 1164 1302 eum
1212 1260 1417 1301 codicibus
1457 1276 1558 1314 190,
1605 1262 1741 1312 2466,
1774 1262 1896 1312 2342.

225 1333 331 1373 Vide
351 1333 540 1373 lectiones
562 1333 701 1373 varias.
726 1333 816 1372 Mea
844 1332 967 1372 editio
997 1331 1114 1387 plane
1141 1330 1361 1371 coneordat
1385 1347 1477 1370 eum
1503 1331 1691 1372 omnibus
1719 1332 1802 1371 aliis
1832 1346 1898 1370 co-

227 1401 396 1442 dicibus.
428 1401 568 1441 Editio
602 1401 769 1442 Oxoniae
801 1412 1065 1441 consentanea
1098 1410 1155 1440 est
1190 1415 1283 1440 eum
1321 1399 1496 1440 editione
1532 1401 1697 1440 Basiliae.
1739 1400 1783 1439 In
1820 1400 1899 1439 ituit

227 1471 369 1526 pagiua
400 1469 586 1509 editionis
615 1471 784 1511 Oxoniae
809 1471 939 1523 legere
965 1481 1022 1509 est
1049 1480 1202 1508 textum
1233 1469 1354 1520 huius
1381 1469 1670 1523 propositionis
1700 1484 1781 1509 esse
1812 1483 1901 1508 eor-

229 1539 521 1595 ruptissimum.
542 1539 691 1578 Textus
712 1549 770 1579 est
788 1549 1003 1594 corruptus
1025 1539 1065 1577 in
1083 1539 1175 1578 solis
1196 1537 1399 1577 codicibus
1421 1537 1470 1577 de
1489 1538 1637 1593 quibus
1654 1538 1903 1578 mentionem

229 1608 321 1660 l'eci3
343 1608 381 1647 iu
412 1607 603 1648 omnibus
629 1622 726 1647 vero
751 1607 835 1647 aliis
863 1617 921 1646 est
948 1606 1117 1646 maxime
1142 1621 1281 1660 puruS.

284 1678 329 1718 In
351 1677 597 1717 editionibus
618 1676 770 1716 Basiliae
792 1687 830 1715 et
850 1675 1039 1727 Oxouiae,
1063 1673 1159 1714 etin
1177 1672 1380 1713 codicibus
1408 1688 1503 1727 190,
1524 1674 1653 1725 2466,
1678 1674 1806 1727 2362,
1827 1675 1906 1714 hoe

230 1747 361 1802 agitur
379 1757 423 1785 ut
441 1745 677 1785 ostendatur
698 1760 777 1784 esse
795 1743 1040 1800 impossibile
1056 1743 1236 1783 invenire
1253 1754 1446 1797 quartum
1465 1759 1679 1783 numerum
1701 1743 1905 1797 integrum

232 1834 254 1857 Δ
272 1815 401 1856 tribus
420 1815 599 1854 numeris
615 1814 777 1867 integris
791 1832 832 1865 Α,
845 1830 882 1865 Β,
903 1827 921 1852 r
940 1811 1304 1870 proportionalem,
1324 1812 1488 1866 quando
1504 1814 1661 1852 numeri
1681 1826 1720 1864 Α,
1738 1824 1772 1864 Β,
1789 1829 1807 1854 r
1822 1827 1905 1852 non

233 1897 325 1925 suut
343 1885 530 1940 deinceps
548 1884 869 1940 proportionales
883 1915 894 1935 ,
919 1894 954 1922 et
973 1881 1136 1937 quaudo
1156 1881 1313 1921 numeri
1330 1893 1372 1929 Α,
1389 1895 1406 1919 r
1424 1882 1528 1921 inter
1546 1897 1586 1921 se
1603 1893 1695 1921 sunt
1715 1882 1849 1937 primi.

292 1955 388 1994 Htec
417 1965 474 1993 est
500 1954 751 1993 ratiocinatio
775 1968 783 1991 ε

291 2025 390 2064 Hoc
423 2024 476 2063 sit
500 2022 728 2077 passibile7
763 2031 806 2061 et
836 2030 881 2061 ut
905 2035 927 2058 Α
953 2019 1013 2061 ad
1034 2035 1052 2059 B
1087 2020 1145 2060 ita
1175 2021 1230 2060 sit
1250 2034 1268 2058 r
1299 2019 1359 2059 acl
1384 2034 1406 2057 Δ
1425 2037 1442 2070 ,-
1461 2019 1557 2074 flat
1588 2028 1631 2059 ut
1664 2031 1683 2056 B
1712 2019 1772 2059 ad
1801 2032 1819 2056 r
1845 2019 1906 2059 ita

234 2092 287 2131 sit
307 2104 326 2125 Δ
344 2092 403 2131 ml
421 2111 452 2136 E.
475 2091 582 2132 Vide
599 2090 823 2131 secundum
842 2090 986 2130 alinea.
1007 2091 1160 2146 paginae
1178 2091 1280 2144 439,
1304 2101 1341 2129 et
1364 2101 1502 2130 notam
1522 2089 1808 2146 propositionis
1829 2104 1891 2143 19.

295 2230 419 2284 Atqui
442 2228 650 2269 evidenter
680 2229 764 2269 {ieri
797 2239 929 2284 potest
959 2239 1003 2268 ut
1029 2247 1049 2272 E
1074 2229 1143 2283 qui
1166 2243 1359 2268 numerus
1378 2229 1530 2282 integer
1548 2243 1628 2268 esse
1645 2227 1764 2267 debet
1780 2229 1841 2268 vel
1861 2229 1911 2268 sit

242 2300 298 2339 vel
329 2313 410 2338 uon
448 2299 497 2338 sit
523 2300 678 2352 integer
711 2314 931 2349 numerus3
962 2299 1048 2338 haee
1075 2298 1328 2338 ratiocinatio
1358 2297 1480 2351 igitur
1502 2308 1559 2337 est
1579 2297 1685 2337 salsa.
1719 2297 1772 2336 I³]t
1798 2296 1910 2336 valde

238 2369 364 2408 miror
386 2367 499 2422 quod
522 2367 731 2407 salsitatem
752 2368 874 2422 liujus
895 2367 1206 2407 ratiocinationis
1232 2381 1314 2406 non
1338 2366 1668 2406 animadverterit
1693 2366 1906 2406 Commau-

242 2436 380 2488 dinus,
399 2437 469 2492 qui
488 2447 571 2476 erat
596 2451 696 2475 unus
717 2451 760 2475 ex
782 2436 920 2491 primis
939 2437 1066 2476 {etatis
1089 2451 1170 2476 suae
1195 2436 1421 2490 geometris.
